@manual{Duke_University,
      title  = "Big-Oh for Recursive Functions: Recurrence Relations",
      author = "Duke University",
      url    = "http://www.cs.duke.edu/~ola/ap/recurrence.html",
      year   = ""
    }
@manual{Massachusetts,
	title  = "Master Theorem: Practice Problems and Solutions",
	author = "Massachusetts Institute of Technology (MIT)",
	url    = "http://www.csail.mit.edu/~thies/6.046-web/master.pdf",
	year   = ""
}